@book{Cheriet2007,
  title = {Character Recognition Systems: A Guide for Students and Practitioner},
  author = {Mohamed Cheriet and Nawwaf Kharma and Cheng-Lin Liu and Ching Y. Suen},
  year = {2007},
  publisher = {Wiley}
}


@article{Losee2006,
  title={Browsing mixed structured and unstructured data},
  author={Losee, Robert M},
  journal={Information processing \& management},
  volume={42},
  number={2},
  pages={440--452},
  year={2006},
  publisher={Elsevier}
}